<?xml version="1.0" encoding="UTF-8"?><record xmlns="http://www.loc.gov/MARC21/slim" xmlns:cinclude="http://apache.org/cocoon/include/1.0" xmlns:zs="http://www.loc.gov/zing/srw/">
  <leader>00492nz  a2200157n  4500</leader>
  <controlfield tag="001">no2004070749</controlfield>
  <controlfield tag="003">DLC</controlfield>
  <controlfield tag="005">20040726052229.0</controlfield>
  <controlfield tag="008">040725n| acannaabn          |a aaa      </controlfield>
  <datafield tag="010" ind1=" " ind2=" ">
    <subfield code="a">no2004070749</subfield>
  </datafield>
  <datafield tag="035" ind1=" " ind2=" ">
    <subfield code="a">(OCoLC)oca06402094</subfield>
  </datafield>
  <datafield tag="040" ind1=" " ind2=" ">
    <subfield code="a">Nz</subfield>
    <subfield code="b">eng</subfield>
    <subfield code="c">Nz</subfield>
  </datafield>
  <datafield tag="100" ind1="1" ind2=" ">
    <subfield code="a">Thorn, V. C.</subfield>
    <subfield code="q">(Vanessa C.)</subfield>
  </datafield>
  <datafield tag="400" ind1="1" ind2=" ">
    <subfield code="a">Thorn, Vanessa C.</subfield>
  </datafield>
  <datafield tag="670" ind1=" " ind2=" ">
    <subfield code="a">An annotated bibliography of phytolith analysis ... 2004</subfield>
    <subfield code="b">t.p. (V.C. Thorn)</subfield>
  </datafield>
  <datafield tag="670" ind1=" " ind2=" ">
    <subfield code="a">NZ database, July 14, 2004</subfield>
    <subfield code="b">(usage: V.C. Thorn, Vanessa C. Thorn)</subfield>
  </datafield>
</record>